@article{salton,
	author = {Salton, G. and Wong, A. and Yang, C. S.},
	title = {A Vector Space Model for Automatic Indexing},
	journal = {Commun. ACM},
	issue_date = {Nov. 1975},
	volume = {18},
	number = {11},
	month = nov,
	year = {1975},
	issn = {0001-0782},
	pages = {613--620},
	numpages = {8},
	url = {http://doi.acm.org/10.1145/361219.361220},
	doi = {10.1145/361219.361220},
	acmid = {361220},
	publisher = {ACM},
	address = {New York, NY, USA},
	keywords = {automatic indexing, automatic information retrieval, content analysis, document space},
}

@article{jones,
	title = "Index term weighting",
	journal = "Information Storage and Retrieval",
	volume = "9",
	number = "11",
	pages = "619 - 633",
	year = "1973",
	issn = "0020-0271",
	doi = "https://doi.org/10.1016/0020-0271(73)90043-0",
	url = "http://www.sciencedirect.com/science/article/pii/0020027173900430",
	author = "Karen Sparck Jones"
}

@article{jonesfre,
	author = {KAREN SPARCK JONES},
	title = {A STATISTICAL INTERPRETATION OF TERM SPECIFICITY AND ITS APPLICATION IN RETRIEVAL},
	journal = {Journal of Documentation},
	volume = {28},
	number = {1},
	pages = {11-21},
	year = {1972},
	doi = {10.1108/eb026526}
}

@article{benn,
	author    = {Yoshua Bengio and
	R{\'{e}}jean Ducharme and
	Pascal Vincent and
	Christian Janvin},
	title     = {A Neural Probabilistic Language Model},
	journal   = {Journal of Machine Learning Research},
	volume    = {3},
	pages     = {1137--1155},
	year      = {2003},
	url       = {http://www.jmlr.org/papers/v3/bengio03a.html},
	timestamp = {Thu, 05 Feb 2004 13:43:02 +0100},
	biburl    = {https://dblp.org/rec/bib/journals/jmlr/BengioDVJ03},
	bibsource = {dblp computer science bibliography, https://dblp.org}
}

@article{mikw2v,
	author    = {Tomas Mikolov and
	Kai Chen and
	Greg Corrado and
	Jeffrey Dean},
	title     = {Efficient Estimation of Word Representations in Vector Space},
	journal   = {CoRR},
	volume    = {abs/1301.3781},
	year      = {2013},
	url       = {http://arxiv.org/abs/1301.3781},
	archivePrefix = {arXiv},
	eprint    = {1301.3781},
	timestamp = {Mon, 13 Aug 2018 16:48:33 +0200},
	biburl    = {https://dblp.org/rec/bib/journals/corr/abs-1301-3781},
	bibsource = {dblp computer science bibliography, https://dblp.org}
}

@article{mikngs,
	author    = {Tomas Mikolov and
	Ilya Sutskever and
	Kai Chen and
	Greg Corrado and
	Jeffrey Dean},
	title     = {Distributed Representations of Words and Phrases and their Compositionality},
	journal   = {CoRR},
	volume    = {abs/1310.4546},
	year      = {2013},
	url       = {http://arxiv.org/abs/1310.4546},
	archivePrefix = {arXiv},
	eprint    = {1310.4546},
	timestamp = {Mon, 13 Aug 2018 16:47:09 +0200},
	biburl    = {https://dblp.org/rec/bib/journals/corr/MikolovSCCD13},
	bibsource = {dblp computer science bibliography, https://dblp.org}
}

@article{melamud,
	author    = {Oren Melamud and
	David McClosky and
	Siddharth Patwardhan and
	Mohit Bansal},
	title     = {The Role of Context Types and Dimensionality in Learning Word Embeddings},
	journal   = {CoRR},
	volume    = {abs/1601.00893},
	year      = {2016},
	url       = {http://arxiv.org/abs/1601.00893},
	archivePrefix = {arXiv},
	eprint    = {1601.00893},
	timestamp = {Mon, 13 Aug 2018 16:49:15 +0200},
	biburl    = {https://dblp.org/rec/bib/journals/corr/MelamudMPB16},
	bibsource = {dblp computer science bibliography, https://dblp.org}
}

@article{suts,
	author    = {Ilya Sutskever and
	Oriol Vinyals and
	Quoc V. Le},
	title     = {Sequence to Sequence Learning with Neural Networks},
	journal   = {CoRR},
	volume    = {abs/1409.3215},
	year      = {2014},
	url       = {http://arxiv.org/abs/1409.3215},
	archivePrefix = {arXiv},
	eprint    = {1409.3215},
	timestamp = {Mon, 13 Aug 2018 16:48:06 +0200},
	biburl    = {https://dblp.org/rec/bib/journals/corr/SutskeverVL14},
	bibsource = {dblp computer science bibliography, https://dblp.org}
}

@article{pos,
	author    = {Barbara Plank and
	Anders S{\o}gaard and
	Yoav Goldberg},
	title     = {Multilingual Part-of-Speech Tagging with Bidirectional Long Short-Term
	Memory Models and Auxiliary Loss},
	journal   = {CoRR},
	volume    = {abs/1604.05529},
	year      = {2016},
	url       = {http://arxiv.org/abs/1604.05529},
	archivePrefix = {arXiv},
	eprint    = {1604.05529},
	timestamp = {Mon, 13 Aug 2018 16:47:11 +0200},
	biburl    = {https://dblp.org/rec/bib/journals/corr/PlankSG16},
	bibsource = {dblp computer science bibliography, https://dblp.org}
}

@article{senti,
	author    = {Sebastian Ruder and
	Parsa Ghaffari and
	John G. Breslin},
	title     = {A Hierarchical Model of Reviews for Aspect-based Sentiment Analysis},
	journal   = {CoRR},
	volume    = {abs/1609.02745},
	year      = {2016},
	url       = {http://arxiv.org/abs/1609.02745},
	archivePrefix = {arXiv},
	eprint    = {1609.02745},
	timestamp = {Mon, 13 Aug 2018 16:46:30 +0200},
	biburl    = {https://dblp.org/rec/bib/journals/corr/RuderGB16},
	bibsource = {dblp computer science bibliography, https://dblp.org}
}

@article{bahattn,
	author    = {Dzmitry Bahdanau and
	Kyunghyun Cho and
	Yoshua Bengio},
	title     = {Neural Machine Translation by Jointly Learning to Align and Translate},
	journal   = {CoRR},
	volume    = {abs/1409.0473},
	year      = {2014},
	url       = {http://arxiv.org/abs/1409.0473},
	archivePrefix = {arXiv},
	eprint    = {1409.0473},
	timestamp = {Mon, 13 Aug 2018 16:46:05 +0200},
	biburl    = {https://dblp.org/rec/bib/journals/corr/BahdanauCB14},
	bibsource = {dblp computer science bibliography, https://dblp.org}
}

@article{cho,
	author    = {Kyunghyun Cho and
	Bart van Merrienboer and
	{\c{C}}aglar G{\"{u}}l{\c{c}}ehre and
	Fethi Bougares and
	Holger Schwenk and
	Yoshua Bengio},
	title     = {Learning Phrase Representations using {RNN} Encoder-Decoder for Statistical
	Machine Translation},
	journal   = {CoRR},
	volume    = {abs/1406.1078},
	year      = {2014},
	url       = {http://arxiv.org/abs/1406.1078},
	archivePrefix = {arXiv},
	eprint    = {1406.1078},
	timestamp = {Mon, 13 Aug 2018 16:46:44 +0200},
	biburl    = {https://dblp.org/rec/bib/journals/corr/ChoMGBSB14},
	bibsource = {dblp computer science bibliography, https://dblp.org}
}

@article{xuatn,
	author    = {Kelvin Xu and
	Jimmy Ba and
	Ryan Kiros and
	Kyunghyun Cho and
	Aaron C. Courville and
	Ruslan Salakhutdinov and
	Richard S. Zemel and
	Yoshua Bengio},
	title     = {Show, Attend and Tell: Neural Image Caption Generation with Visual
	Attention},
	journal   = {CoRR},
	volume    = {abs/1502.03044},
	year      = {2015},
	url       = {http://arxiv.org/abs/1502.03044},
	archivePrefix = {arXiv},
	eprint    = {1502.03044},
	timestamp = {Mon, 13 Aug 2018 16:47:52 +0200},
	biburl    = {https://dblp.org/rec/bib/journals/corr/XuBKCCSZB15},
	bibsource = {dblp computer science bibliography, https://dblp.org}
}

@article{luongatn,
	author    = {Minh{-}Thang Luong and
	Hieu Pham and
	Christopher D. Manning},
	title     = {Effective Approaches to Attention-based Neural Machine Translation},
	journal   = {CoRR},
	volume    = {abs/1508.04025},
	year      = {2015},
	url       = {http://arxiv.org/abs/1508.04025},
	archivePrefix = {arXiv},
	eprint    = {1508.04025},
	timestamp = {Mon, 13 Aug 2018 16:46:14 +0200},
	biburl    = {https://dblp.org/rec/bib/journals/corr/LuongPM15},
	bibsource = {dblp computer science bibliography, https://dblp.org}
}

@article{kadlec,
	author    = {Rudolf Kadlec and
	Martin Schmid and
	Ondrej Bajgar and
	Jan Kleindienst},
	title     = {Text Understanding with the Attention Sum Reader Network},
	journal   = {CoRR},
	volume    = {abs/1603.01547},
	year      = {2016},
	url       = {http://arxiv.org/abs/1603.01547},
	archivePrefix = {arXiv},
	eprint    = {1603.01547},
	timestamp = {Mon, 13 Aug 2018 16:47:05 +0200},
	biburl    = {https://dblp.org/rec/bib/journals/corr/KadlecSBK16},
	bibsource = {dblp computer science bibliography, https://dblp.org}
}

@article{lin,
	author    = {Zhouhan Lin and
	Minwei Feng and
	C{\'{\i}}cero Nogueira dos Santos and
	Mo Yu and
	Bing Xiang and
	Bowen Zhou and
	Yoshua Bengio},
	title     = {A Structured Self-attentive Sentence Embedding},
	journal   = {CoRR},
	volume    = {abs/1703.03130},
	year      = {2017},
	url       = {http://arxiv.org/abs/1703.03130},
	archivePrefix = {arXiv},
	eprint    = {1703.03130},
	timestamp = {Mon, 13 Aug 2018 16:46:06 +0200},
	biburl    = {https://dblp.org/rec/bib/journals/corr/LinFSYXZB17},
	bibsource = {dblp computer science bibliography, https://dblp.org}
}

@article{goognmt,
	author    = {Yonghui Wu and
	Mike Schuster and
	Zhifeng Chen and
	Quoc V. Le and
	Mohammad Norouzi and
	Wolfgang Macherey and
	Maxim Krikun and
	Yuan Cao and
	Qin Gao and
	Klaus Macherey and
	Jeff Klingner and
	Apurva Shah and
	Melvin Johnson and
	Xiaobing Liu and
	Lukasz Kaiser and
	Stephan Gouws and
	Yoshikiyo Kato and
	Taku Kudo and
	Hideto Kazawa and
	Keith Stevens and
	George Kurian and
	Nishant Patil and
	Wei Wang and
	Cliff Young and
	Jason Smith and
	Jason Riesa and
	Alex Rudnick and
	Oriol Vinyals and
	Greg Corrado and
	Macduff Hughes and
	Jeffrey Dean},
	title     = {Google's Neural Machine Translation System: Bridging the Gap between
	Human and Machine Translation},
	journal   = {CoRR},
	volume    = {abs/1609.08144},
	year      = {2016},
	url       = {http://arxiv.org/abs/1609.08144},
	archivePrefix = {arXiv},
	eprint    = {1609.08144},
	timestamp = {Mon, 13 Aug 2018 16:46:24 +0200},
	biburl    = {https://dblp.org/rec/bib/journals/corr/WuSCLNMKCGMKSJL16},
	bibsource = {dblp computer science bibliography, https://dblp.org}
}

@article{subword,
	author    = {Rico Sennrich and
	Barry Haddow and
	Alexandra Birch},
	title     = {Neural Machine Translation of Rare Words with Subword Units},
	journal   = {CoRR},
	volume    = {abs/1508.07909},
	year      = {2015},
	url       = {http://arxiv.org/abs/1508.07909},
	archivePrefix = {arXiv},
	eprint    = {1508.07909},
	timestamp = {Mon, 13 Aug 2018 16:47:17 +0200},
	biburl    = {https://dblp.org/rec/bib/journals/corr/SennrichHB15},
	bibsource = {dblp computer science bibliography, https://dblp.org}
}